@article{kolosov2016link,
    title = {On the link between binomial theorem and discrete convolution},
    author = {Kolosov, Petro},
    journal = {arXiv preprint arXiv:1603.02468},
    note = {\url{https://arxiv.org/abs/1603.02468}},
    year = {2016}
}
