%Knuth's Faulhaber and Sums of powers
@article{Knuth93,
    author = {Knuth, Donald E.},
    doi = {10.1090/s0025-5718-1993-1197512-7},
    journal = {Mathematics of Computation},
    keywords = {Pure Mathematics},
    number = {203},
    pages = {277-294},
    title = {Johann Faulhaber and sums of powers},
    url = {https://www.ams.org/journals/mcom/1993-61-203/S0025-5718-1993-1197512-7/home.html},
    volume = {61},
    year = {1993}
}

%Worpitzky identity ogirinal
@article{Worp1883,
    author = {Worpitzky, J.},
    journal = {Journal für die reine und angewandte Mathematik},
    pages = {203-232},
    title = {Studien über die Bernoullischen und Eulerschen Zahlen.},
    url = {http://eudml.org/doc/148532},
    volume = {94},
    year = {1883},
}

%Stirling numbers of second kind power identity
@book{Grah94,
    author = {Graham, Ronald L. and Knuth, Donald E. and Patashnik, Oren},
    title = {”Special Numbers” in Concrete Mathematics: A Foundation for Computer Science},
    year = {1994},
    isbn = {0201558025},
    edition = {2nd},
    publisher = {Addison-Wesley Longman Publishing Co., Inc.},
    address = {Boston, MA, USA},
}

%Why 0^0 = 1
@book{Grah94SN,
    author = {Graham, Ronald L. and Knuth, Donald E. and Patashnik, Oren},
    title = {”Binomial Coefficients” in Concrete Mathematics: A Foundation for Computer Science},
    year = {1994},
    isbn = {0201558025},
    edition = {2nd},
    publisher = {Addison-Wesley Longman Publishing Co., Inc.},
    address = {Boston, MA, USA},
}

%Binomial Theorem
@Book{AbraSteg72,
    Title = {Handbook of Mathematical Functions with Formulas, Graphs, and Mathematical Tables},
    Editor = {Abramowitz, Milton and Stegun, Irene A.},
    Publisher = {U.S. Government Printing Office},
    Year = {1972},
    Address = {Washington, DC, USA},
    Edition = {Tenth Printing}
}

%Why don't we have to use summation limits on binomial sums
@article{Knuth92,
    author = {Knuth, Donald E.},
    title = {Two Notes on Notation},
    journal = {Am. Math. Monthly},
    volume = {99},
    number = {5},
    year = {1992},
    pages = {403--422},
    url = {http://dx.doi.org/10.2307/2325085},
    publisher = {Mathematical Association of America},
    address = {Washington, DC, USA},
}

%Convolution
@article{DiscConv,
    author = {B. Damelin, Steven and Miller, Willard},
    year = {2011},
    month = {01},
    pages = {232},
    title = {The mathematics of signal processing},
    journal = {The Mathematics of Signal Processing},
}

@inproceedings{APL,
    author = {Iverson, Kenneth E.},
    title = {A Programming Language},
    booktitle = {Proceedings of the May 1-3, 1962, Spring Joint Computer Conference},
    series = {AIEE-IRE '62 (Spring)},
    year = {1962},
    location = {San Francisco, California},
    pages = {345--351},
    numpages = {7},
    url = {http://doi.acm.org/10.1145/1460833.1460872},
    doi = {10.1145/1460833.1460872},
    acmid = {1460872},
    publisher = {ACM},
    address = {New York, NY, USA},
}

@MISC{Sloane_theencyclopedia,
    author = {N. J. A. Sloane},
    title = {The On-Line Encyclopedia of Integer Sequences},
    howpublished = {published electronically at \url {https://oeis.org}},
    year = {1964}
}

@MISC{WeissteinBernoulli,
    author = {Weisstein, Eric W},
    title = {{"Bernoulli Number." From MathWorld -- A Wolfram Web Resource.}},
    howpublished = {\url {http://mathworld.wolfram.com/BernoulliNumber.html}}
}

%Macaulay method
@article{Mac19,
    author = {W. H. Macaulay},
    year = {1919},
    pages = {129},
    volume = {48},
    title = {A note on the deflection of beams},
    journal = {Messenger of Mathematics},
    doi = {10.1017/CBO9781139003896}
}

@misc{macmillan2010proofs,
    title = {Proofs of power sum and binomial coefficient congruences via Pascal's identity},
    author = {Kieren MacMillan and Jonathan Sondow},
    year = {2010},
    eprint = {1011.0076},
    archivePrefix = {arXiv},
    primaryClass = {math.NT}
}

@MISC{WeissteinPower,
    author = {Weisstein, Eric W},
    title = {{"Power." From MathWorld--A Wolfram Web Resource.}},
    howpublished = {\url {http://mathworld.wolfram.com/BernoulliNumber.html}}
}

@MISC{Sloane_sequence,
    author = {N. J. A. Sloane},
    title = {The On-Line Encyclopedia of Integer Sequences, sequece A303675},
    howpublished = {published electronically at \url {https://oeis.org/A303675}},
    year = {1964}
}

@MISC{mmca_package,
    author = {Petro Kolosov},
    title = {{Mathematica scripts}},
    howpublished = {published electronically at \url {https://github.com/kolosovpetro/Mathematica-scripts}},
    year = {2020}
}
